@book{swps,
 author = {Henry H. Liu},
 title = {Software Performance and Scalability: A Quantitative Approach},
 year = {2009},
 isbn = {978-0-470-46253},
 publisher = {John Wiley \& Sons}
}

@book{mte241,
 author = {Douglas Wilhelm Harder and Jeff Zarnett and Vajih Montaghami},
 title = {A Practical Introduction to Real-Time Systems for Undergraduate Engineering},
 year = {2014},
 howpublished = { \url {https://ece.uwaterloo.ca/~dwharder/icsrts/Lecture\_materials/A\_practical\_introduction\_to\_real-time\_systems\_for\_undergraduate\_engineering.pdf} },
 note = {Online; version 0.14.12.22}
}

@misc{cafgithub,
 author = {Julia Evans and Karmal Marhubi},
 title = {Do you know how much your computer can do in a second?},
 year = {2015},
 url = {http://computers-are-fast.github.io/},
 note = {Online; accessed 28-October-2015}
}

@InProceedings{cpu2006,
  author = 		 {A. Kejariwal and A.V. Veidenbaum and A. Nicolau and X. Tian and M. Girkar and H. Saito and U. Banerjee},
  title = 		 {Comparative architectural characterization of SPEC CPU2000 and CPU2006 benchmarks on the intelÂ® Core 2 Duo processor},
  booktitle = {Proceedings, International Conference on Embedded Computer Systems: Architectures, Modeling, and Simulation; SAMOS},
  year = 	 {2008}
}

@book{osc,
 author = {Abraham Silberschatz and Peter Baer Galvin and Greg Gagne},
 title = {Operating System Concepts (9th Edition)},
 year = {2013},
 isbn = {978-1118063330},
 publisher = {John Wiley \& Sons},
} 

@book{osi,
 author = {William Stallings},
 title = {Operating Systems Internals and Design Principles (8th Edition)},
 year = {2014},
 isbn = {978-0133805913},
 publisher = {Prentice Hall},
} 

@misc{mispredict,
 author = {Michael Kerrisk},
 title = {How much do \_\_builtin\_expect(), likely(), and unlikely() improve performance?},
 url = {http://blog.man7.org/2012/10/how-much-do-builtinexpect-likely-and.html},
 note = {Online; accessed 12-November-2015}
}

